 @article{wang_deb_coelho_2015,
  title   = {Elephant herding optimization},
  doi     = {10.1109/iscbi.2015.8},
  journal = {2015 3rd International Symposium on Computational and Business Intelligence (ISCBI)},
  author  = {Wang, Gai-Ge and Deb, Suash and Coelho, Leandro dos},
  year    = {2015}
} 

 @article{li_lei_alavi_wang_2020,
  title   = {Elephant herding optimization: Variants, hybrids, and applications},
  volume  = {8},
  doi     = {10.3390/math8091415},
  number  = {9},
  journal = {Mathematics},
  author  = {Li, Juan and Lei, Hong and Alavi, Amir H. and Wang, Gai-Ge},
  year    = {2020},
  pages   = {1415}
} 