@article{MIRJALILI201446,
  title    = {Grey Wolf Optimizer},
  journal  = {Advances in Engineering Software},
  volume   = {69},
  pages    = {46-61},
  year     = {2014},
  issn     = {0965-9978},
  doi      = {https://doi.org/10.1016/j.advengsoft.2013.12.007},
  url      = {https://www.sciencedirect.com/science/article/pii/S0965997813001853},
  author   = {Seyedali Mirjalili and Seyed Mohammad Mirjalili and Andrew Lewis},
  keywords = {Optimization, Optimization techniques, Heuristic algorithm, Metaheuristics, Constrained optimization, GWO}
}

@misc{yellowstoneparkWolfhunt,
  author       = {Daniel Stahler and Douglas Smith},
  howpublished = {Online, abgerufen am 16.11.2022},
  title        = {Wolf-Hunt-Study},
  url          = {https://www.yellowstonepark.com/wp-content/uploads/2018/03/wolf-hunt-study_plos_612x676.jpg},
  year         = {2022}
} 

 @article{wang_deb_coelho_2015,
  title   = {Elephant herding optimization},
  doi     = {10.1109/iscbi.2015.8},
  journal = {2015 3rd International Symposium on Computational and Business Intelligence (ISCBI)},
  author  = {Wang, Gai-Ge and Deb, Suash and Coelho, Leandro dos},
  year    = {2015}
} 

 @article{li_lei_alavi_wang_2020,
  title   = {Elephant herding optimization: Variants, hybrids, and applications},
  volume  = {8},
  doi     = {10.3390/math8091415},
  number  = {9},
  journal = {Mathematics},
  author  = {Li, Juan and Lei, Hong and Alavi, Amir H. and Wang, Gai-Ge},
  year    = {2020},
  pages   = {1415}
} 

 @article{dhiman_garg_nagar_kumar_dehghani_2020,
  title   = {A novel algorithm for global optimization: Rat swarm optimizer},
  volume  = {12},
  doi     = {10.1007/s12652-020-02580-0},
  number  = {8},
  journal = {Journal of Ambient Intelligence and Humanized Computing},
  author  = {Dhiman, Gaurav and Garg, Meenakshi and Nagar, Atulya and Kumar, Vijay and Dehghani, Mohammad},
  year    = {2020},
  pages   = {8457â€“8482}
} 