 @article{dhiman_garg_nagar_kumar_dehghani_2020,
  title   = {A novel algorithm for global optimization: Rat swarm optimizer},
  volume  = {12},
  doi     = {10.1007/s12652-020-02580-0},
  number  = {8},
  journal = {Journal of Ambient Intelligence and Humanized Computing},
  author  = {Dhiman, Gaurav and Garg, Meenakshi and Nagar, Atulya and Kumar, Vijay and Dehghani, Mohammad},
  year    = {2020},
  pages   = {8457â€“8482}
} 