@article{MIRJALILI201446,
  title    = {Grey Wolf Optimizer},
  journal  = {Advances in Engineering Software},
  volume   = {69},
  pages    = {46-61},
  year     = {2014},
  issn     = {0965-9978},
  doi      = {https://doi.org/10.1016/j.advengsoft.2013.12.007},
  url      = {https://www.sciencedirect.com/science/article/pii/S0965997813001853},
  author   = {Seyedali Mirjalili and Seyed Mohammad Mirjalili and Andrew Lewis},
  keywords = {Optimization, Optimization techniques, Heuristic algorithm, Metaheuristics, Constrained optimization, GWO}
}

@misc{yellowstoneparkWolfhunt,
  author       = {Daniel Stahler and Douglas Smith},
  howpublished = {Online, abgerufen am 16.11.2022},
  title        = {Wolf-Hunt-Study},
  url          = {https://www.yellowstonepark.com/wp-content/uploads/2018/03/wolf-hunt-study_plos_612x676.jpg},
  year         = {2022}
} 